@Article{sample,
author = {Autor Ejempl},
title = {Entrada de ejemplo},
year = {2014},
OPTkey = {•},
OPTvolume = {•},
OPTnumber = {•},
OPTpages = {•},
OPTmonth = {•},
OPTnote = {•},
OPTannote = {•}
}

